@inproceedings{Marquardt2010:EuroPLoP,
 author = {Marquardt, Klaus},
 title = {Patterns for Software Release Versioning},
 booktitle = {Proceedings of the 15th European Conference on Pattern Languages of Programs},
 series = {EuroPLoP '10},
 year = {2010},
 location = {Irsee, Germany},
 pages = {17:1--17:13},
 articleno = {17},
 url = {http://doi.acm.org/10.1145/2328909.2328931},
 doi = {10.1145/2328909.2328931},
 publisher = {ACM},
 address = {New York, NY, USA},
 keywords = {build, compatibility, distribution, installation, pattern, release, versioning},
} 
