@misc{EclipseReleases,
author = {{The Eclipse Foundation}},
title = {Simultaneous Release}, 
howpublished = {Available at \url{http://wiki.eclipse.org/Simultaneous_Release} (2014/09/01)} 
}

@misc{FirefoxReleases,
title = {Firefox release history}, 
howpublished = {Available at \url{http://en.wikipedia.org/w/index.php?title=Firefox_release_history&oldid=620192515} (2014/08/07)} 
}

@misc{jQueryReleases,
author = {{The jQuery Foundation}},
title = {History}, 
howpublished = {Available at \url{https://jquery.org/history/} (2014/08/29)} 
}

@misc{jQueryUIChangelogs,
author = {{The jQuery Foundation}},
title = {jQuery UI Changelogs}, 
howpublished = {Available at \url{http://jqueryui.com/changelog/} (2014/08/29)} 
}

@misc{PythonDocumentation,
author = {{The Python Software Foundation}},
title = {Python Documentation by Version}, 
howpublished = {Available at \url{https://www.python.org/doc/versions/} (2014/08/29)} 
}

@misc{SVNReleases,
author = {{The Apache Software Foundation}},
title = {Subversion Release History}, 
howpublished = {Available at \url{https://subversion.apache.org/docs/release-notes/release-history.html} (2014/08/28)} 
}

@misc{RubyHistory,
author = {{unak}},
title = {The History of Ruby}, 
howpublished = {Available at \url{https://gist.github.com/unak/3038095} (2014/08/12)} 
}
