%This is where I found the release date for Adobe Acrobat/Reader
@misc{AdobeAcrobatPressRelease,
author = {{Adobe Systems, Inc.}},
title = {Adobe Drives Next Generation of Electronic Documents with Acrobat 8 Software}, 
howpublished = {Available at \url{https://www.adobe.com/aboutadobe/pressroom/pressreleases/200609/091806Acrobat.html} (2014/08/22)} 
}

@misc{AdobeAcrobatReleaseNotes,
author = {{Adobe Systems, Inc.}},
title = {Release Notes | Acrobat, Reader}, 
howpublished = {Available at \url{http://helpx.adobe.com/acrobat/release-note/release-notes-acrobat-reader.html} (2014/08/14)} 
}

@misc{AdobeAIRSDKArchive,
author = {{Adobe Systems, Inc.}},
title = {Archived Adobe AIR SDK versions}, 
howpublished = {Available at \url{http://helpx.adobe.com/air/kb/archived-air-sdk-version.html} (2014/08/14)} 
}

@misc{AdobeFlashArchive,
author = {{Adobe Systems, Inc.}},
title = {Archived Flash Player versions}, 
howpublished = {Available at \url{http://helpx.adobe.com/flash-player/kb/archived-flash-player-versions.html} (2014/08/26)} 
}

@misc{AdobeFlashReleaseNotes,
author = {{Adobe Systems, Inc.}},
title = {Release Notes}, 
howpublished = {Available at \url{http://helpx.adobe.com/flash-player/flash-player-releasenotes.html} (2014/08/14)} 
}

@misc{AtlassBambooArchive,
author = {Atlassian},
title = {Bamboo Downloads Archive}, 
howpublished = {Available at \url{https://www.atlassian.com/software/bamboo/download-archives} (2014/08/12)} 
}

@misc{AtlassBambooDocs,
author = {Rosie {Jameson [Atlassian]} and Paul {Watson [Atlassian]}},
title = {Atlassian Documentation: Bamboo Documentation Directory}, 
howpublished = {Available at \url{https://confluence.atlassian.com/display/ALLDOC/Bamboo+Documentation+Directory} (2014/08/12)} 
}

@misc{AtlassBambooReleaseNotes,
author = {Paul {Watson [Atlassian]} },
title = {Bamboo Documentation: Older Releases}, 
howpublished = {Available at \url{https://confluence.atlassian.com/display/BAMBOO/Older+releases} (2014/08/12)} 
}

@misc{AtlassCloverArchive,
author = {Atlassian},
title = {Clover Downloads Archive}, 
howpublished = {Available at \url{https://www.atlassian.com/software/bamboo/download-archives} (2014/08/12)} 
}

@misc{AtlassCloverDocs,
author = {Rosie {Jameson [Atlassian]} and Paul {Watson [Atlassian] }},
title = {Atlassian Documentation: Clover Documentation Directory}, 
howpublished = {Available at \url{https://confluence.atlassian.com/display/ALLDOC/Clover+Documentation+Directory} (2014/08/12)} 
}

@misc{AtlassCloverReleaseNotes,
author = {Rosie {Jameson [Atlassian]} and Marek {Parfianowicz [Atlassian]  }},
title = {Clover Documentation: Release Notes}, 
howpublished = {Available at \url{https://www.atlassian.com/software/clover/download-archives} (2014/08/12)} 
}

@misc{AtlassConnectArchiveEclipse,
author = {Atlassian},
title = {Atlassian Connector for Eclipse: Version History}, 
howpublished = {Available at \url{https://marketplace.atlassian.com/plugins/com.atlassian.ide.plugins.eclipse.jira/versions} (2014/08/18)} 
}

@misc{AtlassConnectArchiveIDEA,
author = {Atlassian},
title = {Atlassian Connector for IntelliJ IDEA: Version History}, 
howpublished = {Available at \url{https://marketplace.atlassian.com/plugins/com.atlassian.ide.plugins.idea/versions} (2014/08/18)} 
}

@misc{AtlassConnectArchiveVS,
author = {Atlassian},
title = {Atlassian Connector for Visual Studio: Version History}, 
howpublished = {Available at \url{https://marketplace.atlassian.com/plugins/PLVS/versions} (2014/08/18)} 
}

@misc{AtlassConnectDocs,
author = {Sarah {Maddox [Atlassian] }and Rachel {Robins [Atlassian Technical Writer] }},
title = {Atlassian Documentation: IDE Connector Documentation Directory}, 
howpublished = {Available at \url{https://confluence.atlassian.com/display/ALLDOC/IDE+Connector+Documentation+Directory} (2014/08/18)} 
}

@misc{AtlassCrucibleArchive,
author = {Atlassian},
title = {Crucible Downloads Archive}, 
howpublished = {Available at \url{https://www.atlassian.com/software/crucible/download-archives} (2014/08/13)} 
}

@misc{AtlassCrucibleDocs,
author = {Rosie {Jameson [Atlassian]} and Paul {Watson [Atlassian] }},
title = {Atlassian Documentation: Crucible Documentation Directory}, 
howpublished = {Available at \url{https://confluence.atlassian.com/display/ALLDOC/Crucible+Documentation+Directory} (2014/08/13)} 
}

@misc{AtlassCrucibleReleaseNotes,
author = {Paul {Watson [Atlassian]}},
title = {Crucible Documentation: Older Release Notes}, 
howpublished = {Available at \url{https://confluence.atlassian.com/display/CRUCIBLE/Older+release+notes} (2014/08/13)} 
}

@misc{AtlassFishEyeArchive,
author = {Atlassian},
title = {FishEye Downloads Archive}, 
howpublished = {Available at \url{https://www.atlassian.com/software/fisheye/download-archives} (2014/08/12)} 
}

@misc{AtlassFishEyeDocs,
author = {Rosie {Jameson [Atlassian] } and Paul {Watson [Atlassian] }},
title = {Atlassian Documentation: FishEye Documentation Directory}, 
howpublished = {Available at \url{https://confluence.atlassian.com/display/ALLDOC/FishEye+Documentation+Directory} (2014/08/12)} 
}

@misc{AtlassFishEyeReleaseNotes,
author = {Paul {Watson [Atlassian] }},
title = {FishEye Documentation: Older release notes}, 
howpublished = {Available at \url{https://confluence.atlassian.com/display/FISHEYE/Older+release+notes} (2014/08/12)} 
}

@misc{AtlassJIRAAgileReleaseNotes,
author = {Atlassian},
title = {JIRA Agile: Version History}, 
howpublished = {Available at \url{https://marketplace.atlassian.com/plugins/com.pyxis.greenhopper.jira/versions} (2014/08/18)} 
}

@misc{BlizzardPatchHistory,
author = {{WoWWiki}},
title = {Patches}, 
howpublished = {Available at \url{http://www.wowwiki.com/Patches} (2014/08/20)} 
}

@misc{nvidiaDriverArchive,
author = {{NVIDIA}},
title = {Linux AMD64 Display Driver Archive}, 
howpublished = {Available at \url{http://www.nvidia.com/object/linux-amd64-display-archive.html} (2014/08/19)} 
}

@misc{nvidiaMentalRayReleaseNotes,
author = {NVIDIA},
title = {mental ray Help: mental ray Release Notes}, 
howpublished = {Available at \url{http://docs.autodesk.com/MENTALRAY/2014/ENU/mental-ray-help/} (2014/08/19)} 
}

%This is where I found the original release date of mental ray.
% I used the date on the article because it shouldn't be updated
@misc{nvidiaMentalRayPressRelease,
author = {Jim Thacker},
title = {mental ray 3.9 Released}, 
howpublished = {Available at \url{http://www.cgchannel.com/2011/03/mental-ray-3-9-released/} (2011/03/28)} 
}

@misc{OracleClusterArchive,
author = {{Oracle Corporation}},
title = {Download MySQL Cluster}, 
howpublished = {Available at \url{http://dev.mysql.com/downloads/cluster/} (2014/08/13)} 
}

@misc{OracleClusterReleaseNotes7.3,
author = {{Oracle Corporation }},
title = {MySQL Cluster 7.3 Release Notes}, 
howpublished = {Available at \url{http://dev.mysql.com/doc/relnotes/mysql-cluster/7.3/en/index.html} (2014/08/13)} 
}

@misc{OracleClusterReleaseNotes6.1,
author = {{Oracle Corporation }},
title = {MySQL Cluster 6.1 - 7.1 Release Notes}, 
howpublished = {Available at \url{http://docs.oracle.com/cd/E17952_01/mysql-cluster-7.1-relnotes-en/mysql-cluster-7.1-relnotes-en.pdf} (2014/08/14)} 
}

@misc{OracleUtilitiesArchive,
author = {{Oracle Corporation}},
title = {MySQL Utilities (Archived Versions)}, 
howpublished = {Available at \url{http://downloads.mysql.com/archives/utilities/} (2014/08/13)} 
}

@misc{OracleUtilitiesReleaseNotes,
author = {{Oracle Corporation} },
title = {MySQL Utilities Release Notes}, 
howpublished = {Available at \url{https://dev.mysql.com/doc/relnotes/mysql-utilities/en/} (2014/08/13)} 
}

@misc{OracleWorkbenchArchive,
author = {{Oracle Corporation}},
title = {MySQL Workbench (Archived Versions)}, 
howpublished = {Available at \url{http://downloads.mysql.com/archives/workbench/} (2014/08/13)} 
}

@misc{OracleWorkbenchReleaseNotes,
author = {{Oracle Corporation }},
title = {MySQL Workbench Release Notes}, 
howpublished = {Available at \url{http://dev.mysql.com/doc/relnotes/workbench/en/index.html} (2014/08/13)} 
}

@misc{RiotPatchHistory,
author = {{League of Legends Wiki }},
title = {Patch}, 
howpublished = {Available at \url{http://leagueoflegends.wikia.com/wiki/Patch#} (2014/08/19)} 
}

