@article{German2006:EmpiricalSE,
year={2006},
issn={1382-3256},
journal={Empirical Software Engineering},
volume={11},
number={3},
doi={10.1007/s10664-006-9004-6},
title={An empirical study of fine-grained software modifications},
url={http://dx.doi.org/10.1007/s10664-006-9004-6},
publisher={Springer US},
keywords={Software evolution; Version control; Software visualization; Software artifacts},
author={German, DanielM.},
pages={369-393},
language={English}
}

@INPROCEEDINGS{Mens2005:PrincOfSE, 
author={Mens, T. and Wermelinger, M. and Ducasse, S. and Demeyer, S. and Hirschfeld, R. and Jazayeri, M.}, 
booktitle={Principles of Software Evolution, Eighth International Workshop on}, 
title={Challenges in software evolution}, 
year={2005}, 
month={Sept}, 
pages={13-22}, 
keywords={formal specification;formal verification;software maintenance;software quality;information technology society;requirements analysis;software aging;software development process;software evolution;software quality;software system;Aging;Business;Collaborative software;Computer industry;Conferences;Information technology;Programming;Software quality;Software systems;Software tools}, 
doi={10.1109/IWPSE.2005.7}, 
ISSN={1550-4077},}

%TODO Eclipse

%TODO Firefox

@inproceedings{godfrey2004:MSRWorkshop,
  title={Four interesting ways in which history can teach us about software},
  author={Godfrey, Michael and Dong, Xinyi and Kapser, Cory and Zou, Lijie},
  booktitle={Proceedings of the First International Workshop on Mining Software Repositories},
  pages={58pp},
  year={2004},
  organization={IET}
}

@inproceedings{gousios2012:MSR,
  title={GHTorrent: Github's data from a firehose},
  author={Gousios, Georgios and Spinellis, Diomidis},
  booktitle={Mining Software Repositories (MSR), 2012 9th IEEE Working Conference on},
  pages={12--21},
  year={2012},
  organization={IEEE}
}

@techreport{brindescu2014,
  title={How do centralized and distributed version control systems impact software changes?},
  author={Brindescu, Caius and Codoban, Mihai and Shmarkatiuk, Sergii and Dig, Danny},
  year={2014},
  institution={Corvallis, OR: Oregon State University, Dept. of Computer Science}
}

@inproceedings{nguyen2006:ITNewGens,
  title={Integrating Change Management with Software Document Relationship Management},
  author={Nguyen, Tien Nhut},
  booktitle={Information Technology: New Generations, 2006. ITNG 2006. Third International Conference on},
  pages={124--130},
  year={2006},
  organization={IEEE}
}

%TODO jquery, jquery ui, python, svn, ruby

@article{buckley2005:SWMaintenance,
  title={Towards a taxonomy of software change},
  author={Buckley, Jim and Mens, Tom and Zenger, Matthias and Rashid, Awais and Kniesel, G{\"u}nter},
  journal={Journal of Software Maintenance and Evolution: Research and Practice},
  volume={17},
  number={5},
  pages={309--332},
  year={2005},
  publisher={Wiley Online Library}
}

@article{chapin2001:SWMainentance,
  title={Types of software evolution and software maintenance},
  author={Chapin, Ned and Hale, Joanne E and Khan, Khaled Md and Ramil, Juan F and Tan, Wui-Gee},
  journal={Journal of software maintenance and evolution: Research and Practice},
  volume={13},
  number={1},
  pages={3--30},
  year={2001},
  publisher={Wiley Online Library}
}

@article{kraaijeveld,
  title={Using metrics to characterize software release cycles},
  author={Kraaijeveld, Jos}
}

@inproceedings{van2006:SPLC,
  title={Version management tools as a basis for integrating product derivation and software product families},
  author={Van Gurp, Jilles and Prehofer, Christian},
  booktitle={Proceedings of the Workshop on Variability Management-Working with Variability Mechanisms at SPLC},
  pages={48--58},
  year={2006},
  organization={Citeseer}
}

@article{conradi1998:CSUR,
  title={Version models for software configuration management},
  author={Conradi, Reidar and Westfechtel, Bernhard},
  journal={ACM Computing Surveys (CSUR)},
  volume={30},
  number={2},
  pages={232--282},
  year={1998},
  publisher={ACM}
}

@inproceedings{rigby2013:RELENG,
  title={What effect does Distributed Version Control have on OSS project organization?},
  author={Rigby, Peter C and Barr, Earl T and Bird, Christian and Devanbu, Prem and German, Daniel M},
  booktitle={Release Engineering (RELENG), 2013 1st International Workshop on},
  pages={29--32},
  year={2013},
  organization={IEEE}
}

